<?xml version="1.0" encoding="UTF-8"?><collection xmlns="http://www.loc.gov/MARC21/slim"><record><leader>00345nam--2200133-i-4500</leader><controlfield tag="001">000035877</controlfield><controlfield tag="002">20161230</controlfield><controlfield tag="005">20161230201040</controlfield><controlfield tag="008">060222s1000------------r-----000-0-eng-d</controlfield><datafield ind1=" " ind2=" " tag="080"><subfield code="a">539.172.5</subfield></datafield><datafield ind1=" " ind2=" " tag="100"><subfield code="a">Opat, Geoffrey I</subfield></datafield><datafield ind1=" " ind2=" " tag="245"><subfield code="a">Radiative muon capture in hydrogen</subfield></datafield><datafield ind1=" " ind2=" " tag="260"><subfield code="a">Philadelphia, Univ.Of Pennsylvania, 21p.+ 5 Fig</subfield></datafield><datafield ind1=" " ind2=" " tag="852"><subfield code="a">19839</subfield></datafield></record></collection>